@article{KumarGajar.2013,
	author = {{Kumar Gajar}, Prashant and Ghosh, Arnab and Rai, Shashikant},
	year = {2013},
	title = {Bring Your Own Device (BYOD):~Security Risks And Mitigating Strategies},
	urldate = {05/17/2017},
	pages = {62--70},
	volume = {4},
	number = {4},
	journal = {Journal of Global Research in Computer Science}
}


